@article{Judd2022TheData,
    title = {{The PhanSST global database of Phanerozoic sea surface temperature proxy data}},
    year = {2022},
    journal = {Scientific Data},
    author = {Judd, Emily J. and Tierney, Jessica E. and Huber, Brian T. and Wing, Scott L. and Lunt, Daniel J. and Ford, Heather L. and Inglis, Gordon N. and McClymont, Erin L. and O’Brien, Charlotte L. and {\myname{rattanasriampaipong}} and Si, Weimin and Staitis, Matthew L. and Thirumalai, Kaustubh and Anagnostou, Eleni and Cramwinckel, Margot J. and Dawson, Robin R. and Evans, David and Gray, William R. and Grossman, Ethan L. and Henehan, Michael J. and Hupp, Brittany N. and MacLeod, Kenneth G. and O’Connor, Lauren K. and S{\'{a}}nchez Montes, Maria Luisa and Song, Haijun and Zhang, Yi Ge},
    number = {1},
    volume = {9},
    doi = {10.1038/s41597-022-01826-0},
    issn = {20524463},
    pmid = {36473868}
}

@article{Rattanasriampaipong2022,
    title = {{Archaeal lipids trace ecology and evolution of marine ammonia-oxidizing archaea}},
    year = {2022},
    journal = {Proceedings of the National Academy of Sciences},
    author = {{\myname{rattanasriampaipong}} and Zhang, Yi Ge and Pearson, Ann and Hedlund, Brian P and Zhang, Shuang},
    number = {31},
    month = {8},
    pages = {e2123193119},
    volume = {119},
    publisher = {Proceedings of the National Academy of Sciences},
    url = {https://doi.org/10.1073/pnas.2123193119},
    doi = {10.1073/pnas.2123193119}
}

@article{Rattanasriampaipong_MOB_inprep,
    title = {{Methylation index of Overly Branched glycerol dialkyl glycerol tetraethers (MOB): a proxy for deep ocean (de)oxygenation?}},
    year = {in prep.},
    author = {{\myname{rattanasriampaipong}} and Zhang, Yi Ge and Alo, Olawale and Liu, Xiao-Lei and Zhang, Yang and Kim, Bumsoo and Marcantonio, Franco and Bassinot, Franck},
}
